@Article{Anscombe1973,
  Title                    = {Graphs in Statistical Analysis},
  Author                   = {F. J. Anscombe},
  Journal                  = {The American Statistician},
  Year                     = {1973},
  Doi                      = {10.2307/2682899},
  Month                    = {feb},
  Number                   = {1},
  Pages                    = {17},
  Url                      = {http://dx.doi.org/10.2307/2682899},
  Volume                   = {27},
  Owner                    = {aphalo},
  Publisher                = {JSTOR},
  Timestamp                = {2016.01.03}
}


@Article{Knuth1984a,
  author    = {Knuth, Donald Ervin},
  title     = {Literate programming},
  journal   = {The Computer Journal},
  year      = {1984},
  volume    = {27},
  number    = {2},
  pages     = {97--111},
  publisher = {Br Computer Soc},
  timestamp = {2017-01-22},
}


@Book{Lamport1994,
  author    = {Lamport, L.},
  title     = {\LaTeX: a document preparation system},
  year      = {1994},
  language  = {English},
  edition   = {2},
  publisher = {Addison-Wesley},
  isbn      = {0-201-52983-1},
  pages     = {272},
  address   = {Reading},
  booktitle = {LaTeX: a document preparation system},
  groups    = {Imported},
  keywords  = {0-BOOK PEDRO; LATEX; LATEX2E; MANUAL; TYPESETTING},
  owner     = {aphalo},
  papyrus   = {P1777},
  timestamp = {2014.10.05},
}


@Book{Xie2016,
  author    = {Yihui Xie},
  title     = {bookdown: Authoring Books and Technical Documents with R Markdown},
  series    = {Chapman \& Hall/CRC The R Series},
  year      = {2016},
  publisher = {Chapman and Hall/CRC},
  isbn      = {9781138700109},
  url       = {https://www.amazon.com/bookdown-Authoring-Technical-Documents-Markdown-ebook/dp/B01N6O8ES9%3FSubscriptionId%3D0JYN1NVW651KCA56C102%26tag%3Dtechkie-20%26linkCode%3Dxm2%26camp%3D2025%26creative%3D165953%26creativeASIN%3DB01N6O8ES9},
}
